
@incollection{klabnik_understanding_2021,
	address = {San Francisco, CA, USA},
	edition = {Second},
	title = {Understanding {Ownership}},
	isbn = {978-1-71850-310-6},
	booktitle = {The {Rust} {Programming} {Language}},
	publisher = {No Starch Press},
	author = {Klabnik, Steve and Nichols, Carol},
	year = {2021},
}

@misc{weirich_implementing_2023,
	title = {Implementing {Dependent} {Types} in pi-forall},
	url = {https://doi.org/10.48550/arXiv.2207.02129},
	doi = {10.48550/arXiv.2207.02129},
	abstract = {These lecture notes describe the design of a minimal dependently-typed language called "pi-forall" and walk through the implementation of its type checker. They are based on lectures given at the Oregon Programming Languages Summer School during July 2023.},
	urldate = {2025-04-01},
	publisher = {arXiv},
	author = {Weirich, Stephanie},
	year = {2023},
	note = {arXiv:2207.02129 [cs]},
	keywords = {Computer Science - Programming Languages},
	file = {Preprint PDF:/home/sarajuhosova/Zotero/storage/VBUISWVK/Weirich - 2023 - Implementing Dependent Types in pi-forall.pdf:application/pdf;Snapshot:/home/sarajuhosova/Zotero/storage/LLTIG765/2207.html:text/html},
}

@inproceedings{russo_functional_2015,
	series = {{ICFP} 2015},
	title = {Functional pearl: two can keep a secret, if one of them uses {Haskell}},
	isbn = {978-1-4503-3669-7},
	url = {https://doi.org/10.1145/2784731.2784756},
	doi = {10.1145/2784731.2784756},
	booktitle = {International {Conference} on {Functional} {Programming} ({ICFP})},
	publisher = {ACM},
	author = {Russo, Alejandro},
	year = {2015},
	pages = {280--288},
	file = {Full Text PDF:/home/sarajuhosova/Zotero/storage/R9WAZ648/Russo - 2015 - Functional pearl two can keep a secret, if one of.pdf:application/pdf},
}
